<record><leader>00000cas a2200000 a 4500</leader><controlfield tag="001">12598776</controlfield><controlfield tag="008">850925d19201926ksuwr ne      0    0eng d</controlfield><datafield ind1=" " ind2=" " tag="010"><subfield code="a">sn 85030805 </subfield></datafield><datafield ind1=" " ind2=" " tag="040"><subfield code="a">KSH</subfield><subfield code="b">eng</subfield><subfield code="c">KSH</subfield><subfield code="d">NPT</subfield><subfield code="d">OCL</subfield><subfield code="d">OCLCQ</subfield></datafield><datafield ind1=" " ind2=" " tag="042"><subfield code="a">msc</subfield></datafield><datafield ind1="0" ind2=" " tag="130"><subfield code="a">Kansas leader (Salina, Kan.)</subfield></datafield><datafield ind1="1" ind2="4" tag="245"><subfield code="a">The Kansas leader.</subfield></datafield><datafield ind1=" " ind2=" " tag="260"><subfield code="a">Salina, Kan. :</subfield><subfield code="b">Kansas Leader Pub. Co.,</subfield><subfield code="c">1920-1926.</subfield></datafield><datafield ind1=" " ind2=" " tag="300"><subfield code="a">6 v. :</subfield><subfield code="b">ill. ;</subfield><subfield code="c">55 cm.</subfield></datafield><datafield ind1=" " ind2=" " tag="310"><subfield code="a">Weekly</subfield></datafield><datafield ind1="0" ind2=" " tag="362"><subfield code="a">Vol. 2, no. 9 (Dec. 2, 1920)-v. 7, no. 31 (May 27, 1926).</subfield></datafield><datafield ind1=" " ind2=" " tag="752"><subfield code="a">United States</subfield><subfield code="b">Kansas</subfield><subfield code="c">Saline</subfield><subfield code="d">Salina.</subfield></datafield><datafield ind1="0" ind2="0" tag="780"><subfield code="t">Ellsworth County leader</subfield><subfield code="w">(OCoLC)11154733</subfield></datafield><datafield ind1="0" ind2="0" tag="785"><subfield code="t">Saline County independent</subfield><subfield code="w">(DLC)sn 85030806</subfield></datafield><datafield ind1="1" ind2=" " tag="029"><subfield code="a">AU@</subfield><subfield code="b">000022172990</subfield></datafield></record>